<record><leader>02957cam a2200469 i 4500</leader><controlfield tag="001">6803587</controlfield><controlfield tag="003">OCoLC</controlfield><controlfield tag="005">20150120160035.0</controlfield><controlfield tag="008">140605s2015    nyu      b    001 0 eng  </controlfield><datafield ind1=" " ind2=" " tag="010"><subfield code="a">  2014016288</subfield></datafield><datafield ind1=" " ind2=" " tag="020"><subfield code="a">9781107073517 (hardback)</subfield></datafield><datafield ind1=" " ind2=" " tag="020"><subfield code="a">1107073510 (hardback)</subfield></datafield><datafield ind1=" " ind2=" " tag="020"><subfield code="a">9781107423138 (paperback)</subfield></datafield><datafield ind1=" " ind2=" " tag="020"><subfield code="a">1107423139 (paperback)</subfield></datafield><datafield ind1="8" ind2=" " tag="024"><subfield code="a">40024257939</subfield></datafield><datafield ind1=" " ind2=" " tag="035"><subfield code="a">ocn881146197</subfield></datafield><datafield ind1=" " ind2=" " tag="040"><subfield code="a">DLC</subfield><subfield code="b">eng</subfield><subfield code="e">rda</subfield><subfield code="c">DLC</subfield><subfield code="d">OCLCO</subfield><subfield code="d">YDXCP</subfield><subfield code="d">BTCTA</subfield><subfield code="d">OCLCF</subfield><subfield code="d">NDD</subfield><subfield code="d">IUL</subfield><subfield code="d">YUS</subfield><subfield code="d">UAB</subfield><subfield code="d">AEU</subfield></datafield><datafield ind1=" " ind2=" " tag="042"><subfield code="a">pcc</subfield></datafield><datafield ind1=" " ind2=" " tag="043"><subfield code="a">e-ur---</subfield></datafield><datafield ind1="0" ind2="0" tag="050"><subfield code="a">JN6581</subfield><subfield code="b">.H35 2015</subfield></datafield><datafield ind1="0" ind2="0" tag="082"><subfield code="a">324.2/04</subfield><subfield code="2">23</subfield></datafield><datafield ind1=" " ind2=" " tag="084"><subfield code="a">POL040020</subfield><subfield code="2">bisacsh</subfield></datafield><datafield ind1=" " ind2=" " tag="090"><subfield code="a">JN 6581 H35 2015</subfield><subfield code="b">AEU</subfield></datafield><datafield ind1="1" ind2=" " tag="100"><subfield code="a">Hale, Henry E.,</subfield><subfield code="d">1966-</subfield><subfield code="e">author.</subfield></datafield><datafield ind1="1" ind2="0" tag="245"><subfield code="a">Patronal politics :</subfield><subfield code="b">Eurasian regime dynamics in comparative perspective /</subfield><subfield code="c">Henry E. Hale (The George Washington University).</subfield></datafield><datafield ind1=" " ind2="1" tag="264"><subfield code="a">New York, NY :</subfield><subfield code="b">Cambridge University Press,</subfield><subfield code="c">2015.</subfield></datafield><datafield ind1=" " ind2=" " tag="300"><subfield code="a">xvii, 538 pages ;</subfield><subfield code="c">24 cm.</subfield></datafield><datafield ind1=" " ind2=" " tag="336"><subfield code="a">text</subfield><subfield code="b">txt</subfield><subfield code="2">rdacontent</subfield></datafield><datafield ind1=" " ind2=" " tag="337"><subfield code="a">unmediated</subfield><subfield code="b">n</subfield><subfield code="2">rdamedia</subfield></datafield><datafield ind1=" " ind2=" " tag="338"><subfield code="a">volume</subfield><subfield code="b">nc</subfield><subfield code="2">rdacarrier</subfield></datafield><datafield ind1="1" ind2=" " tag="490"><subfield code="a">Problems of international politics</subfield></datafield><datafield ind1=" " ind2=" " tag="504"><subfield code="a">Includes bibliographical references (pages 489-521) and index.</subfield></datafield><datafield ind1="0" ind2=" " tag="505"><subfield code="a">1. Introduction -- 2. Patronal politics and the great power of expectations -- 3. Eurasian history as patronal politics -- 4. Constitutions, elections, and regime dynamics -- 5. The emergence of networks and constitutions -- 6. The building of Eurasia's great power pyramids -- 7. Revolutions and other presidential ousters -- 8. Nonrevolution in post-Soviet presidential systems -- 9. After revolution -- 10. Patronal parliamentarism -- 11. Explaining post-Soviet regime dynamics -- 12. Patronal politics in global comparative perspective.</subfield></datafield><datafield ind1=" " ind2=" " tag="520"><subfield code="a">"This book proposes a new way of understanding events throughout the world that are usually interpreted as democratization, rising authoritarianism, or revolution. Where the rule of law is weak and corruption pervasive, what may appear to be democratic or authoritarian breakthroughs are often just regular, predictable phases in longer-term cyclic dynamics - patronal politics. This is shown through in-depth narratives of the post-1991 political history of all post-Soviet polities that are not in the European Union. This book also includes chapters on czarist and Soviet history and on global patterns"--</subfield><subfield code="c">Provided by publisher.</subfield></datafield><datafield ind1=" " ind2=" " tag="596"><subfield code="a">43</subfield></datafield><datafield ind1=" " ind2="0" tag="650"><subfield code="a">Patronage, Political</subfield><subfield code="z">Former Soviet republics.</subfield></datafield><datafield ind1=" " ind2="0" tag="650"><subfield code="a">Political culture</subfield><subfield code="z">Former Soviet republics.</subfield></datafield><datafield ind1=" " ind2="0" tag="651"><subfield code="a">Former Soviet republics</subfield><subfield code="x">Politics and government.</subfield></datafield><datafield ind1=" " ind2="0" tag="830"><subfield code="a">Problems of international politics.</subfield></datafield><datafield ind1="4" ind2="2" tag="856"><subfield code="3">Cover image</subfield><subfield code="u">http://assets.cambridge.org/97811070/73517/cover/9781107073517.jpg</subfield></datafield><datafield ind1=" " ind2=" " tag="949"><subfield code="a">JN 6581 H35 2015</subfield><subfield code="c">1</subfield><subfield code="h">UAHS-B</subfield><subfield code="i">0162035231842</subfield></datafield><datafield ind1=" " ind2=" " tag="926"><subfield code="a">JN 6581 H35 2015</subfield><subfield code="w">LC</subfield><subfield code="c">1</subfield><subfield code="i">0162035231842</subfield><subfield code="d">11/17/2016</subfield><subfield code="e">11/1/2016</subfield><subfield code="l">ON_SHELF</subfield><subfield code="m">UAHSS</subfield><subfield code="n">2</subfield><subfield code="p">$150.00</subfield><subfield code="r">Y</subfield><subfield code="s">Y</subfield><subfield code="t">BOOK</subfield><subfield code="u">2/11/2015</subfield></datafield></record>